<record><leader>00000cas a2200000 a 4500</leader><controlfield tag="001">10079455</controlfield><controlfield tag="008">831101d1832184umiuwr ne      0    0eng  </controlfield><datafield ind1=" " ind2=" " tag="010"><subfield code="a">sn 83016732 </subfield></datafield><datafield ind1=" " ind2=" " tag="040"><subfield code="a">DLC</subfield><subfield code="b">eng</subfield><subfield code="c">DLC</subfield><subfield code="d">NPV</subfield><subfield code="d">NPU</subfield><subfield code="d">NPY</subfield><subfield code="d">NPX</subfield><subfield code="d">MFN</subfield><subfield code="d">MQN</subfield><subfield code="d">YOX</subfield><subfield code="d">CRL</subfield><subfield code="d">MGN</subfield><subfield code="d">NVF</subfield><subfield code="d">CNW</subfield><subfield code="d">MHN</subfield><subfield code="d">OCL</subfield><subfield code="d">NVF</subfield><subfield code="d">KRTAS</subfield><subfield code="d">CUI</subfield><subfield code="d">OCLCQ</subfield><subfield code="d">OCLCF</subfield><subfield code="d">OCLCO</subfield></datafield><datafield ind1="1" ind2=" " tag="029"><subfield code="a">AU@</subfield><subfield code="b">000003041881</subfield></datafield><datafield ind1=" " ind2=" " tag="042"><subfield code="a">pcc</subfield></datafield><datafield ind1=" " ind2=" " tag="043"><subfield code="a">n-us-mi</subfield></datafield><datafield ind1=" " ind2=" " tag="045"><subfield code="a">w3w4</subfield></datafield><datafield ind1="0" ind2="0" tag="050"><subfield code="a">Newspaper 8412</subfield></datafield><datafield ind1=" " ind2="4" tag="050"><subfield code="a">AN</subfield></datafield><datafield ind1=" " ind2=" " tag="052"><subfield code="a">4113</subfield><subfield code="b">W7</subfield></datafield><datafield ind1="0" ind2=" " tag="130"><subfield code="a">Democratic free press (Detroit, Mich. : Weekly)</subfield></datafield><datafield ind1="1" ind2="0" tag="245"><subfield code="a">Democratic free press.</subfield></datafield><datafield ind1="1" ind2="3" tag="246"><subfield code="a">Weekly free press</subfield></datafield><datafield ind1="1" ind2="7" tag="246"><subfield code="a">Detroit daily free press</subfield></datafield><datafield ind1=" " ind2=" " tag="260"><subfield code="a">Detroit [Mich. Territory] :</subfield><subfield code="b">S. M'Knight,</subfield><subfield code="c">1832-</subfield></datafield><datafield ind1=" " ind2=" " tag="300"><subfield code="a">v.</subfield></datafield><datafield ind1=" " ind2=" " tag="310"><subfield code="a">Weekly</subfield></datafield><datafield ind1="0" ind2=" " tag="362"><subfield code="a">Vol. 2, no. 31 (Nov. 28, 1832)-</subfield></datafield><datafield ind1="1" ind2=" " tag="362"><subfield code="a">Ceased Jan. 10, 1848?</subfield></datafield><datafield ind1=" " ind2=" " tag="580"><subfield code="a">Daily eds.: Detroit daily free press (Detroit, Mich. : 1835), 1835-&lt;1837&gt;, and; Detroit free press (Detroit, Mich. : 1837), 1837-1841, and; Detroit daily free press (Detroit, Mich. : 1842), 1842, and; Daily free press (Detroit, Mich. : 1842), 1842, and; Democratic free press (Detroit, Mich. : 1842), 1842-&lt;1848&gt;, and; Detroit free press (Detroit, Mich. : 1848), 1848, and; Detroit free press (Detroit, Mich. : State ed.), &lt;1846-1848&gt;.</subfield></datafield><datafield ind1=" " ind2=" " tag="580"><subfield code="a">Semiweekly eds.: Semi-weekly free press, 1837, and; Detroit free press (Detroit, Mich. : Semiweekly), &lt;1837&gt;, and; Democratic free press (Detroit, Mich. : Semiweekly), 1835-&lt;1837&gt;.</subfield></datafield><datafield ind1=" " ind2=" " tag="580"><subfield code="a">Country ed.: Daily free press (Detroit, Mich. : For the Country ed.), &lt;1846-1848&gt;.</subfield></datafield><datafield ind1=" " ind2="0" tag="651"><subfield code="a">Detroit (Mich.)</subfield><subfield code="v">Newspapers.</subfield></datafield><datafield ind1=" " ind2="0" tag="651"><subfield code="a">Wayne County (Mich.)</subfield><subfield code="v">Newspapers.</subfield></datafield><datafield ind1=" " ind2="7" tag="655"><subfield code="a">Newspapers.</subfield><subfield code="2">fast</subfield><subfield code="0">(OCoLC)fst01423814</subfield></datafield><datafield ind1=" " ind2="7" tag="651"><subfield code="a">Michigan</subfield><subfield code="z">Detroit.</subfield><subfield code="2">fast</subfield><subfield code="0">(OCoLC)fst01205010</subfield></datafield><datafield ind1=" " ind2="7" tag="651"><subfield code="a">Michigan</subfield><subfield code="z">Wayne County.</subfield><subfield code="2">fast</subfield><subfield code="0">(OCoLC)fst01206628</subfield></datafield><datafield ind1=" " ind2=" " tag="752"><subfield code="a">United States</subfield><subfield code="b">Michigan</subfield><subfield code="c">Wayne</subfield><subfield code="d">Detroit.</subfield></datafield><datafield ind1="1" ind2=" " tag="775"><subfield code="t">Detroit daily free press (Detroit, Mich. : 1835)</subfield><subfield code="w">(DLC)sn 85054018</subfield><subfield code="w">(OCoLC)11593790</subfield></datafield><datafield ind1="1" ind2=" " tag="775"><subfield code="t">Detroit free press (Detroit, Mich. : 1837)</subfield><subfield code="w">(DLC)sn 83016733</subfield><subfield code="w">(OCoLC)10079567</subfield></datafield><datafield ind1="1" ind2=" " tag="775"><subfield code="t">Detroit daily free press (Detroit, Mich. : 1842)</subfield><subfield code="w">(DLC)sn 84025809</subfield><subfield code="w">(OCoLC)10344485</subfield></datafield><datafield ind1="1" ind2=" " tag="775"><subfield code="t">Daily free press (Detroit, Mich. : 1842)</subfield><subfield code="w">(DLC)sn 84025810</subfield><subfield code="w">(OCoLC)10341764</subfield></datafield><datafield ind1="1" ind2=" " tag="775"><subfield code="t">Democratic free press (Detroit, Mich. : 1842)</subfield><subfield code="w">(DLC)sn 83016693</subfield><subfield code="w">(OCoLC)2260192</subfield></datafield><datafield ind1="1" ind2=" " tag="775"><subfield code="t">Detroit free press (Detroit, Mich. : 1848)</subfield><subfield code="w">(DLC)sn 84025791</subfield><subfield code="w">(OCoLC)10382125</subfield></datafield><datafield ind1="1" ind2=" " tag="775"><subfield code="t">Semi-weekly free press</subfield><subfield code="w">(DLC)sn 83016628</subfield><subfield code="w">(OCoLC)9948803</subfield></datafield><datafield ind1="1" ind2=" " tag="775"><subfield code="t">Detroit free press (Detroit, Mich. : Semiweekly)</subfield><subfield code="w">(DLC)sn 93053950</subfield><subfield code="w">(OCoLC)33199887</subfield></datafield><datafield ind1="1" ind2=" " tag="775"><subfield code="t">Democratic free press (Detroit, Mich. : Semiweekly)</subfield><subfield code="w">(DLC)sn 98066321</subfield><subfield code="w">(OCoLC)39295097</subfield></datafield><datafield ind1="1" ind2=" " tag="775"><subfield code="t">Daily free press (Detroit, Mich. : For the Country ed.)</subfield><subfield code="w">(DLC)sn 83016675</subfield><subfield code="w">(OCoLC)9975125</subfield></datafield><datafield ind1="1" ind2=" " tag="775"><subfield code="t">Detroit free press (Detroit, Mich. : State ed.)</subfield><subfield code="w">(DLC)sn 87065726</subfield><subfield code="w">(OCoLC)1775552</subfield></datafield><datafield ind1="0" ind2="0" tag="780"><subfield code="t">Democratic free press and Michigan intelligencer</subfield><subfield code="w">(DLC)sn 83016627</subfield><subfield code="w">(OCoLC)9948682</subfield></datafield><datafield ind1="0" ind2="0" tag="785"><subfield code="t">Detroit free press (Detroit, Mich. : Weekly)</subfield><subfield code="w">(DLC)sn 83016616</subfield><subfield code="w">(OCoLC)9940462</subfield></datafield><datafield ind1=" " ind2=" " tag="938"><subfield code="a">Kirtas Technologies, Inc.</subfield><subfield code="b">KRTS</subfield><subfield code="n">737623</subfield></datafield></record>